@book{thie1983markov,
  title={Markov decision processes},
  author={Thie, Paul R},
  year={1983},
  publisher={Comap, Incorporated}
}
@misc{chollet2015keras,
  title={Keras},
  author={Chollet, Fran\c{c}ois and others},
  year={2015},
  publisher={GitHub},
  howpublished={\url{https://github.com/fchollet/keras}},
}

@article{medsker2001recurrent,
  title={Recurrent neural networks},
  author={Medsker, LR and Jain, LC},
  journal={Design and Applications},
  volume={5},
  year={2001}
}
@article{silver2016mastering,
  title={Mastering the game of Go with deep neural networks and tree search},
  author={Silver, David and Huang, Aja and Maddison, Chris J and Guez, Arthur and Sifre, Laurent and Van Den Driessche, George and Schrittwieser, Julian and Antonoglou, Ioannis and Panneershelvam, Veda and Lanctot, Marc and others},
  journal={Nature},
  volume={529},
  number={7587},
  pages={484--489},
  year={2016},
  publisher={Nature Research}
}
@inproceedings{sato2015transfer,
  title={Transfer Learning by Inductive Logic Programming},
  author={Sato, Yuichiro and Iida, Hiroyuki and van den Herik, H Jaap},
  booktitle={Advances in Computer Games},
  pages={223--234},
  year={2015},
  organization={Springer}
}


@article{Genesereth2005,
  author = {Michael R. Genesereth and Nathaniel Love and Barney Pell},
  title = {General Game Playing: Overview of the AAAI Competition},
  journal = {AI Magazine},
  year = {2005},
  volume = {26},
  number = {2},
  pages = {62-72},
  url = {http://ggp.stanford.edu/readings/aaai.pdf}
}

@techreport{Love2006,
  author = {Nathaniel Love and Timothy Hinrichs and David Haley and Eric 
Schkufza and Michael Genesereth},
  title = {General Game Playing: Game Description Language Specification},
  year = {2006},
  url = {http://logic.stanford.edu/reports/LG-2006-01.pdf}
}

@inproceedings{banerjee2007general,
  title={General Game Learning Using Knowledge Transfer.},
  author={Banerjee, Bikramjit and Stone, Peter},
  booktitle={IJCAI},
  pages={672--677},
  year={2007}
}
@inproceedings{kuhlmann2007graph,
  title={Graph-based domain mapping for transfer learning in general games},
  author={Kuhlmann, Gregory and Stone, Peter},
  booktitle={ECML},
  volume={7},
  pages={188--200},
  year={2007},
  organization={Springer}
}
@inproceedings{banerjee2006value,
  title={Value function transfer for general game playing},
  author={Banerjee, Bikramjit and Kuhlmann, Gregory and Stone, Peter},
  booktitle={ICML Workshop on Structural Knowledge Transfer for ML},
  year={2006}
}

@inproceedings{hardwick2017evolving,
  title={Evolving Transferable Artificial Neural Networks for Gameplay Tasks via NEAT with Phased Searching},
  author={Hardwick-Smith, Will and Peng, Yiming and Chen, Gang and Mei, Yi and Zhang, Mengjie},
  booktitle={Australasian Joint Conference on Artificial Intelligence},
  pages={39--51},
  year={2017},
  organization={Springer}
}

@article{kingma2014adam,
  title={Adam: A method for stochastic optimization},
  author={Kingma, Diederik and Ba, Jimmy},
  journal={arXiv preprint arXiv:1412.6980},
  year={2014}
}

@article{stevensplaying,
  title={Playing Tetris with Deep Reinforcement Learning},
  author={Stevens, Matt and Pradhan, Sabeek},
  year={2016}
}
@article{mnih2013playing,
  title={Playing atari with deep reinforcement learning},
  author={Mnih, Volodymyr and Kavukcuoglu, Koray and Silver, David and Graves, Alex and Antonoglou, Ioannis and Wierstra, Daan and Riedmiller, Martin},
  journal={arXiv preprint arXiv:1312.5602},
  year={2013}
}
@inproceedings{bjornsson2004efficient,
  title={Efficient use of reinforcement learning in a computer game},
  author={Bj{\"o}rnsson, Yngvi and Hafsteinsson, Vignir and J{\'o}hannsson, {\'A}rs{\ae}ll and J{\'o}nsson, Einar},
  booktitle={Proceedings of the International Conference on Computer Games: Artificial Intelligence, Design and Education},
  pages={379--383},
  year={2004}
}
@article{lample2016playing,
  title={Playing FPS games with deep reinforcement learning},
  author={Lample, Guillaume and Chaplot, Devendra Singh},
  journal={arXiv preprint arXiv:1609.05521},
  year={2016}
}
@article{bowling2002multiagent,
  title={Multiagent learning using a variable learning rate},
  author={Bowling, Michael and Veloso, Manuela},
  journal={Artificial Intelligence},
  volume={136},
  number={2},
  pages={215--250},
  year={2002},
  publisher={Elsevier}
}

@article{watkins1992q,
  title={Q-learning},
  author={Watkins, Christopher JCH and Dayan, Peter},
  journal={Machine learning},
  volume={8},
  number={3-4},
  pages={279--292},
  year={1992},
  publisher={Springer}
}
@inproceedings{hu1998multiagent,
  title={Multiagent reinforcement learning: theoretical framework and an algorithm.},
  author={Hu, Junling and Wellman, Michael P and others},
  booktitle={ICML},
  volume={98},
  pages={242--250},
  year={1998},
  organization={Citeseer}
}

@article{sandholm1996multiagent,
  title={Multiagent reinforcement learning in the iterated prisoner's dilemma},
  author={Sandholm, Tuomas W and Crites, Robert H},
  journal={Biosystems},
  volume={37},
  number={1-2},
  pages={147--166},
  year={1996},
  publisher={Elsevier}
}
@article{mnih2015human,
  title={Human-level control through deep reinforcement learning},
  author={Mnih, Volodymyr and Kavukcuoglu, Koray and Silver, David and Rusu, Andrei A and Veness, Joel and Bellemare, Marc G and Graves, Alex and Riedmiller, Martin and Fidjeland, Andreas K and Ostrovski, Georg and others},
  journal={Nature},
  volume={518},
  number={7540},
  pages={529--533},
  year={2015},
  publisher={Nature Research}
}
@article{arslan2016decentralized,
  title={Decentralized Q-Learning for Stochastic Teams and Games},
  author={Arslan, Gurdal and Yuksel, Serdar},
  journal={IEEE Transactions on Automatic Control},
  year={2016},
  publisher={IEEE}
}
@incollection{schiffel2016grounding,
  title={Grounding GDL Game Descriptions},
  author={Schiffel, Stephan},
  booktitle={Computer Games},
  pages={152--164},
  year={2016},
  publisher={Springer}
}

@misc{schiffel2013ggpserver,
  title={GGPServer},
  author={Schiffel, Stephan},
  year={2013}
}

@inproceedings{schiffel2010symmetry,
  title={Symmetry Detection in General Game Playing.},
  author={Schiffel, Stephan},
  year={2010}
}
@inproceedings{szegedy2015going,
  title={Going deeper with convolutions},
  author={Szegedy, Christian and Liu, Wei and Jia, Yangqing and Sermanet, Pierre and Reed, Scott and Anguelov, Dragomir and Erhan, Dumitru and Vanhoucke, Vincent and Rabinovich, Andrew},
  booktitle={Proceedings of the IEEE conference on computer vision and pattern recognition},
  pages={1--9},
  year={2015}
}
@inproceedings{nair2010rectified,
  title={Rectified linear units improve restricted boltzmann machines},
  author={Nair, Vinod and Hinton, Geoffrey E},
  booktitle={Proceedings of the 27th international conference on machine learning (ICML-10)},
  pages={807--814},
  year={2010}
}
@article{hinton2012improving,
  title={Improving neural networks by preventing co-adaptation of feature detectors},
  author={Hinton, Geoffrey E and Srivastava, Nitish and Krizhevsky, Alex and Sutskever, Ilya and Salakhutdinov, Ruslan R},
  journal={arXiv preprint arXiv:1207.0580},
  year={2012}
}